@article{GW150914,
      author         = "Abbott, B. P. and others",
      title          = "{Observation of Gravitational Waves from a Binary Black
                        Hole Merger}",
      collaboration  = "Virgo, LIGO Scientific",
      journal        = "Phys. Rev. Lett.",
      volume         = "116",
      year           = "2016",
      number         = "6",
      pages          = "061102",
      doi            = "10.1103/PhysRevLett.116.061102",
      eprint         = "1602.03837",
      archivePrefix  = "arXiv",
      primaryClass   = "gr-qc",
      reportNumber   = "LIGO-P150914"
}
@article{GW151226,
      author         = "Abbott, B. P. and others",
      title          = "{GW151226: Observation of Gravitational Waves from a
                        22-Solar-Mass Binary Black Hole Coalescence}",
      collaboration  = "Virgo, LIGO Scientific",
      journal        = "Phys. Rev. Lett.",
      volume         = "116",
      year           = "2016",
      number         = "24",
      pages          = "241103",
      doi            = "10.1103/PhysRevLett.116.241103",
      eprint         = "1606.04855",
      archivePrefix  = "arXiv",
      primaryClass   = "gr-qc",
      reportNumber   = "LIGO-P151226"
}
@Article{LV-obs,
      author         = "Abbott, B. P. and others",
      title          = "Prospects for Observing and Localizing 
                        Gravitational-Wave Transients with Advanced LIGO 
                        and Advanced Virgo",
      journal        = "Living Reviews in Relativity",
      year           = "2016",
      volume         = "19",
      number         = "1",
      pages          = "1",
      issn           = "1433-8351",
      doi            = "10.1007/lrr-2016-1",
      url            = "http://dx.doi.org/10.1007/lrr-2016-1"
}
@article{LIGO-CAL,
      author         = "Abbott, B. P. and others",
      title          = "{Calibration of the Advanced LIGO detectors for the
                        discovery of the binary black-hole merger GW150914}",
      collaboration  = "LIGO Scientific",
      year           = "2016",
      journal        = "arXiv",
      volume         = "1602",
      pages          = "03845",
      eprint         = "1602.03845",
      archivePrefix  = "arXiv",
      primaryClass   = "gr-qc",
      reportNumber   = "LIGO-P1500248",
      url            = "https://arxiv.org/abs/1602.03845"
}
@article{Karki,
      author         = "Karki, S. and others",
      title          = "{The Advanced LIGO Photon Calibrators}",
      journal        = "Rev. Sci. Instrum.",
      volume         = "87",
      year           = "2016",
      number         = "11",
      pages          = "114503",
      doi            = "10.1063/1.4967303",
      eprint         = "1608.05055",
      archivePrefix  = "arXiv",
      primaryClass   = "astro-ph.IM",
      reportNumber   = "LIGO-P1500249"
}
@article{Tuyenbayev,
      author         = "Tuyenbayev, D. and others",
      title          = "{Improving LIGO calibration accuracy by tracking and
                        compensating for slow temporal variations}",
      journal        = "Class. Quant. Grav.",
      volume         = "34",
      year           = "2017",
      number         = "1",
      pages          = "015002",
      doi            = "10.1088/0264-9381/34/1/015002",
      eprint         = "1608.05134",
      archivePrefix  = "arXiv",
      primaryClass   = "astro-ph.IM",
      reportNumber   = "LIGO-P1600063-v11"
}
@article{Virgo-PCAL,
      author         = "Rolland, L. and Marion, F. and Mours, B.",
      title          = "Conceptual design of Advanced Virgo photon
                        calibration",
      journal        = "Virgo TDS",
      volume         = "0013A",
      year           = "2015",
      pages          = "15",
      reportNumber   = "VIR-0013A-15",
      url            = "https://tds.virgo-gw.eu/ql/?c=10722"
}
@article{VIR-018,
      author         = "Mours, B. and Rolland, L.",
      title          = "Determining the sign of h-rec with the photon 
                        calibrator",
      journal        = "Virgo TDS",
      volume         = "018A",
      year           = "2007",
      pages          = "07",
      reportNumber   = "VIR-018A-07",
      url            = "https://tds.virgo-gw.eu/?content=3&r=1861"
}
@article{Hild:2007,
      author         = "Hild, S. and others",
      title          = "{Photon pressure induced test mass deformation in
                        gravitational-wave detectors}",
      journal        = "Class. Quant. Grav.",
      volume         = "24",
      year           = "2007",
      pages          = "5681-5688",
      doi            = "10.1088/0264-9381/24/22/025",
      eprint         = "0710.1229",
      archivePrefix  = "arXiv",
      primaryClass   = "gr-qc"
}
@article{Goetz:2009,
      author         = "Goetz, E. and others",
      title          = "{Precise calibration of LIGO test mass actuators using
                        photon radiation pressure}",
      journal        = "Class. Quant. Grav.",
      volume         = "26",
      year           = "2009",
      pages          = "245011",
      doi            = "10.1088/0264-9381/26/24/245011",
      eprint         = "0910.5591",
      archivePrefix  = "arXiv",
      primaryClass   = "gr-qc"
}
@article{Goetz:2010,
      author         = "Goetz, E and others",
      title          = "{Accurate calibration of test mass displacement in the
                        LIGO interferometers}",
      booktitle      = "{Gravitational waves. Proceedings, 8th Edoardo Amaldi
                        Conference, Amaldi 8, New York, USA, June 22-26, 
                        2009}",
      journal        = "Class. Quant. Grav.",
      volume         = "27",
      year           = "2010",
      pages          = "084024",
      doi            = "10.1088/0264-9381/27/8/084024",
      eprint         = "0911.0853",
      archivePrefix  = "arXiv",
      primaryClass   = "gr-qc"
}
@article{Klimenko,
      author         = "Klimenko, S. and Vedovato, G. and Drago, M.
                        and Mazzolo, G. and Mitselmakher, G. and Pankow, C. 
                        and Prodi, G. and Re, V. and Salemi, F. 
                        and Yakushin, I.",
      title          = "{Localization of gravitational wave sources with 
                        networks of advanced detectors}",
      journal        = "Phys. Rev.",
      volume         = "D83",
      year           = "2011",
      pages          = "102001",
      doi            = "10.1103/PhysRevD.83.102001",
      eprint         = "1101.5408",
      archivePrefix  = "arXiv",
      primaryClass   = "astro-ph.IM",
      reportNumber   = "LIGO-P1000184"
}
@article{Accadia,
      author         = "Accadia, T. and others",
      title          = "{Reconstruction of the gravitational wave signal $h(t)$
                        during the Virgo science runs and independent
                        validation with a photon calibrator}",
      collaboration  = "VIRGO",
      journal        = "Class. Quant. Grav.",
      volume         = "31",
      year           = "2014",
      pages          = "165013",
      doi            = "10.1088/0264-9381/31/16/165013",
      eprint         = "1401.6066",
      archivePrefix  = "arXiv",
      primaryClass   = "gr-qc",

}
@article{Clubley:2001,
      author         = "Clubley, D. A. and Newton, G. P. and Skeldon, K. D.
                        and Hough, J.",
      title          = "{Calibration of the Glasgow 10-m prototype laser
                        interferometric gravitational wave detector using 
                        photon pressure}",
      journal        = "Phys. Lett.",
      volume         = "A283",
      year           = "2001",
      pages          = "85-88",
      doi            = "10.1016/S0375-9601(01)00231-6"
}
@article{Mossavi:2006,
      author         = "Mossavi, K. and Hewitson, M. and Hild, S. 
                        and Seifert, F. and Weiland, U. and Smith, J. R.
                        and Luck, H. and Grote, H. and Willke, B. 
                        and Danzmann, K.",
      title          = "{A photon pressure calibrator for the GEO 600
                        gravitational wave detector}",
      journal        = "Phys. Lett.",
      volume         = "A353",
      year           = "2006",
      pages          = "1-3",
      doi            = "10.1016/j.physleta.2005.12.053"
}
@article{KAGRA-obs,
      author         = "Ando, M.",
      title          = "{Observation Scenario Paper}",
      journal        = "JGW",
      volume         = "G1706116",
      year           = "2017"
}
